@book{shalimova-semiconductors,
  title={Физика полупроводников},
  author={Шалимова, К.В.},
  address={М.},
  publisher={Энергоатомиздат},
  year={1985},
  numpages={392},
  language={russian},
}

% Original title: Defect Electronics in Semiconductors, New York, 1971. https://archive.org/details/DefectElectronicsInSemiconductors
@book{matare-defects,
  title={Электроника дефектов в полупроводниках},
  author={Матаре, Герберт},
  address={М.},
  publisher={Мир},
  year={1974},
  numpages={462},
  language={russian},
}

@incollection{physenc-crystall,
  title={Кристаллическая решетка},
  author={Вайнштейн, Б. К.},
  editor={Прохоров, А.М.},
  booktitle={Большая физическая энциклопедия},
  address={М.},
  publisher={Советская энциклопедия},
  year={1990},
  volume={2},
  pages={502--503},
  language={russian},
}

@incollection{chemenc-crystall,
  title={Кристаллическая структура},
  author={Зоркий, П.М.},
  editor={Кнунянц, И.Л.},
  booktitle={Химическая энциклопедия},
  address={М.},
  publisher={Советская энциклопедия},
  year={1990},
  volume={2},
  pages={1501--1507},
  language={russian},
}

@misc{wiki-cryst-struct,
  title={Кристаллическая структура --- Википедия},
  howpublished={\href{https://ru.wikipedia.org/wiki/%D0%9A%D1%80%D0%B8%D1%81%D1%82%D0%B0%D0%BB%D0%BB%D0%B8%D1%87%D0%B5%D1%81%D0%BA%D0%B0%D1%8F_%D1%81%D1%82%D1%80%D1%83%D0%BA%D1%82%D1%83%D1%80%D0%B0}{https://ru.wikipedia.org/wiki/Кристаллическая\_структура} \checkdate{20}{3}{2015}},
  language={russian},
}
